<?xml version="1.0" encoding="UTF-8"?><record xmlns="http://www.loc.gov/MARC21/slim" xmlns:cinclude="http://apache.org/cocoon/include/1.0" xmlns:zs="http://www.loc.gov/zing/srw/">
  <leader>00515nz  a2200145n  4500</leader>
  <controlfield tag="001">no2006122281</controlfield>
  <controlfield tag="003">DLC</controlfield>
  <controlfield tag="005">20061117075145.0</controlfield>
  <controlfield tag="008">061115n| acannaabn          |n aaa     c</controlfield>
  <datafield tag="010" ind1=" " ind2=" ">
    <subfield code="a">no2006122281</subfield>
  </datafield>
  <datafield tag="035" ind1=" " ind2=" ">
    <subfield code="a">(OCoLC)oca07253891</subfield>
  </datafield>
  <datafield tag="040" ind1=" " ind2=" ">
    <subfield code="a">IEN-Mu</subfield>
    <subfield code="b">eng</subfield>
    <subfield code="c">IEN-Mu</subfield>
  </datafield>
  <datafield tag="100" ind1="1" ind2=" ">
    <subfield code="a">Guichard, Christophe,</subfield>
    <subfield code="d">1962-</subfield>
  </datafield>
  <datafield tag="670" ind1=" " ind2=" ">
    <subfield code="a">Guichard, C. Xylofolissimo, c2005:</subfield>
    <subfield code="b">caption (Christophe Guichard)</subfield>
  </datafield>
  <datafield tag="670" ind1=" " ind2=" ">
    <subfield code="a">Sibelius Music WWW site, Nov. 15, 2006:</subfield>
    <subfield code="b">Find (Christophe Guichard; b. 1962, Bordeaux, France; composer and percussionist)</subfield>
  </datafield>
</record>